@ARTICLE{typografia,
AUTHOR="M. Codish and K. Marriott and C.K. Taboch",
TITLE="Improving program analyses by structure untupling",
JOURNAL="Journal of Logic Programming",
VOLUME= "43",
ISSUE = "3",
PAGES= "251--263",
YEAR=2000
}
